@unpublished{fullwood:2013:ms,
  author    = {Michelle Fullwood},
  title     = {The perceptual dimensions of sonority-driven epenthesis},
  year      = {2013},
  note      = {MIT manuscript},
  url       = {https://github.com/michelleful/SonorityAngle/raw/master/paper.pdf}
}

