@incollection {fleischhacker.2002,
    author = {Heidi Fleischhacker},
    year   = {2002},
    title  = {Cluster-dependent epenthesis asymmetries},
    booktitle = {{UCLA} {P}apers in {P}honology 5}
}

@unpublished {flemming.2008,
    author = {Edward Flemming},
    year   = {2008},
    title  = {Asymmetries between assimilation and epenthesis},
    note   = {{MIT} ms.}
}

@unpublished {steriade.2006,
    author = {Donca Steriade},
    year   = {2006},
    title  = {Contour correspondence: evidence from cluster interruption},
    note   = {Handout, {OCP}3}
}


